@article{gaensler2004origin,
    title={The origin and evolution of cosmic magnetism},
    author={Gaensler, B. M. and Beck, R. and Feretti, L.},
    journal={New Astronomy Reviews},
    doi={10.1016/j.newar.2004.09.003},
    volume={48},
    number={11-12},
    pages={1003--1012},
    year={2004},
    publisher={Elsevier}
}
@article{rafelski2023short,
    title={A short survey of matter-antimatter evolution in the primordial universe}, 
    author={J. Rafelski and J. Birrell and A. Steinmetz and C. T. Yang},
    journal={MDPI Universe},
    year={2023},
    eprint={2305.09055},
    archivePrefix={arXiv},
    primaryClass={hep-th},
    doi={10.48550/arXiv.2305.09055}
}
@article{kronberg1994extragalactic,
    title={Extragalactic magnetic fields},
    author={Kronberg, P. P.},
    journal={Reports on Progress in Physics},
    volume={57},
    number={4},
    pages={325},
    year={1994},
    publisher={IOP Publishing},
    doi={10.1088/0034-4885/57/4/001}
}
@article{pomakov2022redshift,
    author = {{Pomakov}, V.~P. and {O'Sullivan}, S.~P. and {Br{\"u}ggen}, M. and {Vazza}, F. and {Carretti}, E. and {Heald}, G.~H. and {Horellou}, C. and {Shimwell}, T. and {Shulevski}, A. and {Vernstrom}, T.},
    title = "{The redshift evolution of extragalactic magnetic fields}",
    journal={Monthly Notices of the Royal Astronomical Society},
    keywords = {techniques: polarimetric, galaxies: active, intergalactic medium, galaxies: magnetic fields, large-scale structure of Universe, radio continuum: galaxies},
    year = 2022,
    month = sep,
    volume = {515},
    number = {1},
    pages = {256-270},
    doi = {10.1093/mnras/stac1805},
}
@article{vernstrom2021discovery,
    author = {Vernstrom, T. and Heald, G. and Vazza, F. and Galvin, T. J. and West, J. L. and Locatelli, N. and Fornengo, N. and Pinetti, E.},
    title = "{Discovery of magnetic fields along stacked cosmic filaments as revealed by radio and X-ray emission}",
    journal = {Monthly Notices of the Royal Astronomical Society},
    volume = {505},
    number = {3},
    pages = {4178-4196},
    year = {2021},
    month = {05},
    doi = {10.1093/mnras/stab1301},
}
@article{taylor2011extragalactic,
  title={Extragalactic magnetic fields constraints from simultaneous GeV--TeV observations of blazars},
  author={Taylor, A. M. and Vovk, I. and Neronov, A.},
  journal={Astronomy \& Astrophysics},
  volume={529},
  pages={A144},
  year={2011},
  publisher={EDP Sciences},
  doi={10.1051/0004-6361/201116441}
}
@article{batista2021gammaray,
author = {Batista, R. A. and Saveliev, A.},
title = {The Gamma-ray Window to Intergalactic Magnetism},
journal = {Universe},
volume = {7},
year = {2021},
number = {7},
article-number = {223},
issn = {2218-1997},
doi={10.3390/universe7070223}
}
